<record><leader>00000cas a2200000 a 4500</leader><controlfield tag="001">26847268</controlfield><controlfield tag="008">921023c19869999iludn ne      0   a0eng c</controlfield><datafield ind1=" " ind2=" " tag="010"><subfield code="a">sn 92053947 </subfield></datafield><datafield ind1=" " ind2=" " tag="040"><subfield code="a">NVF</subfield><subfield code="b">eng</subfield><subfield code="c">NVF</subfield><subfield code="d">NSD</subfield><subfield code="d">NVF</subfield><subfield code="d">OCLCQ</subfield><subfield code="d">NVF</subfield><subfield code="d">OCLCQ</subfield><subfield code="d">OCLCF</subfield><subfield code="d">OCLCO</subfield><subfield code="d">NVF</subfield><subfield code="d">OCLCO</subfield><subfield code="d">OCL</subfield></datafield><datafield ind1="1" ind2=" " tag="022"><subfield code="a">0899-7128</subfield><subfield code="l">0899-7128</subfield><subfield code="2">1</subfield></datafield><datafield ind1="1" ind2=" " tag="029"><subfield code="a">AU@</subfield><subfield code="b">000020725091</subfield></datafield><datafield ind1=" " ind2=" " tag="032"><subfield code="a">468080</subfield><subfield code="b">USPS</subfield></datafield><datafield ind1=" " ind2=" " tag="042"><subfield code="a">pcc</subfield><subfield code="a">nsdp</subfield></datafield><datafield ind1=" " ind2=" " tag="043"><subfield code="a">n-us-il</subfield></datafield><datafield ind1="0" ind2=" " tag="130"><subfield code="a">Rock Island Argus (Moline, Ill.)</subfield></datafield><datafield ind1=" " ind2="4" tag="222"><subfield code="a">The Rock Island Argus</subfield><subfield code="b">(1986)</subfield></datafield><datafield ind1="1" ind2="4" tag="245"><subfield code="a">The Rock Island Argus.</subfield></datafield><datafield ind1="1" ind2="7" tag="246"><subfield code="a">Dispatch and the Rock Island Argus</subfield><subfield code="f">July 20, 1992-</subfield></datafield><datafield ind1=" " ind2=" " tag="260"><subfield code="a">Moline, Ill. :</subfield><subfield code="b">Moline Dispatch Pub. Co.,</subfield><subfield code="c">1986-</subfield></datafield><datafield ind1=" " ind2=" " tag="300"><subfield code="a">v.</subfield></datafield><datafield ind1=" " ind2=" " tag="310"><subfield code="a">Daily (except Christmas),</subfield><subfield code="b">Sept. 4, 1995-</subfield></datafield><datafield ind1=" " ind2=" " tag="321"><subfield code="a">Daily (except federal holidays),</subfield><subfield code="b">June 14, 1986-Sept. 3, 1995</subfield></datafield><datafield ind1="0" ind2=" " tag="362"><subfield code="a">June 14, 1986-</subfield></datafield><datafield ind1=" " ind2=" " tag="515"><subfield code="a">Issues for Jan. 2, 1989- called 137th year, no. 74-</subfield></datafield><datafield ind1=" " ind2=" " tag="530"><subfield code="a">Also available via the World Wide Web.</subfield></datafield><datafield ind1=" " ind2=" " tag="580"><subfield code="a">Other daily ed.: Dispatch (Moline, Ill.), 1992-</subfield></datafield><datafield ind1=" " ind2=" " tag="588"><subfield code="a">Latest issue consulted: 153rd year, no. 27 (Nov. 13, 2003).</subfield></datafield><datafield ind1=" " ind2="0" tag="651"><subfield code="a">Rock Island (Ill.)</subfield><subfield code="v">Newspapers.</subfield></datafield><datafield ind1=" " ind2="0" tag="651"><subfield code="a">Moline (Ill.)</subfield><subfield code="v">Newspapers.</subfield></datafield><datafield ind1=" " ind2="0" tag="651"><subfield code="a">East Moline (Ill.)</subfield><subfield code="v">Newspapers.</subfield></datafield><datafield ind1=" " ind2="7" tag="655"><subfield code="a">Newspapers.</subfield><subfield code="2">fast</subfield><subfield code="0">(OCoLC)fst01423814</subfield></datafield><datafield ind1=" " ind2="7" tag="651"><subfield code="a">Illinois</subfield><subfield code="z">East Moline.</subfield><subfield code="2">fast</subfield><subfield code="0">(OCoLC)fst01226526</subfield></datafield><datafield ind1=" " ind2="7" tag="651"><subfield code="a">Illinois</subfield><subfield code="z">Moline.</subfield><subfield code="2">fast</subfield><subfield code="0">(OCoLC)fst01210118</subfield></datafield><datafield ind1=" " ind2="7" tag="651"><subfield code="a">Illinois</subfield><subfield code="z">Rock Island.</subfield><subfield code="2">fast</subfield><subfield code="0">(OCoLC)fst01206059</subfield></datafield><datafield ind1=" " ind2=" " tag="752"><subfield code="a">United States</subfield><subfield code="b">Illinois</subfield><subfield code="c">Rock Island County</subfield><subfield code="d">Moline.</subfield></datafield><datafield ind1="1" ind2=" " tag="775"><subfield code="t">Dispatch (Moline, Ill.)</subfield><subfield code="w">(DLC)sn 92005200</subfield><subfield code="w">(OCoLC)26460418</subfield></datafield><datafield ind1="0" ind2="0" tag="780"><subfield code="t">Argus (Rock Island, Ill. : 1971)</subfield><subfield code="w">(DLC)sn 92053946</subfield><subfield code="w">(OCoLC)26847197</subfield></datafield></record>